<record xmlns="http://www.loc.gov/MARC21/slim" xmlns:xsi="http://www.w3.org/2001/XMLSchema-instance" xsi:schemaLocation="http://www.loc.gov/MARC21/slim http://www.loc.gov/standards/marcxml/schema/MARC21slim.xsd"><leader>00494nz   2200145n  4500</leader><controlfield tag="001">oca01614755 </controlfield><controlfield tag="005">19860613103912.2</controlfield><controlfield tag="008">860522n| acannaab|          |a aaa |||  </controlfield><datafield ind1=" " ind2=" " tag="010"><subfield code="a">n  86002525 </subfield></datafield><datafield ind1=" " ind2=" " tag="040"><subfield code="a">DLC</subfield><subfield code="c">DLC</subfield><subfield code="d">DLC</subfield></datafield><datafield ind1="1" ind2=" " tag="100"><subfield code="a">Balbus, Lucius Cornelius.</subfield></datafield><datafield ind1="1" ind2=" " tag="400"><subfield code="a">Balbus,</subfield><subfield code="c">Minor</subfield></datafield><datafield ind1=" " ind2=" " tag="670"><subfield code="a">Manacorda, D. Archeologia urbana a Roma, 1982:</subfield><subfield code="b">t.p. (Balbi)</subfield></datafield><datafield ind1=" " ind2=" " tag="670"><subfield code="a">Oxf.cl. dict.</subfield><subfield code="b">(Balbus, Lucius Cornelius; distinguished as Balbus Minor in Cicero's letters)</subfield></datafield><datafield ind1=" " ind2=" " tag="675"><subfield code="a">Jöcher;</subfield><subfield code="a">BLC;</subfield><subfield code="a">Bib. nat.</subfield></datafield></record>